@misc{cutmix,
  doi = {10.48550/ARXIV.1905.04899},
  
  url = {https://arxiv.org/abs/1905.04899},
  
  author = {Yun, Sangdoo and Han, Dongyoon and Oh, Seong Joon and Chun, Sanghyuk and Choe, Junsuk and Yoo, Youngjoon},
  
  keywords = {Computer Vision and Pattern Recognition (cs.CV), Machine Learning (cs.LG), FOS: Computer and information sciences, FOS: Computer and information sciences},
  
  title = {CutMix: Regularization Strategy to Train Strong Classifiers with Localizable Features},
  
  publisher = {arXiv},
  
  year = {2019},
  
  copyright = {arXiv.org perpetual, non-exclusive license}
}

@misc{mixup,
  doi = {10.48550/ARXIV.1710.09412},
  
  url = {https://arxiv.org/abs/1710.09412},
  
  author = {Zhang, Hongyi and Cisse, Moustapha and Dauphin, Yann N. and Lopez-Paz, David},
  
  keywords = {Machine Learning (cs.LG), Machine Learning (stat.ML), FOS: Computer and information sciences, FOS: Computer and information sciences},
  
  title = {mixup: Beyond Empirical Risk Minimization},
  
  publisher = {arXiv},
  
  year = {2017},
  
  copyright = {arXiv.org perpetual, non-exclusive license}
}

@misc{class_weights,
  title = {Classification on imbalanced data},
  howpublished = {\url{https://www.tensorflow.org/tutorials/structured_data/imbalanced_data}},
  note = {Accessed: 2022-11-28}
}

@misc{VGG,
  doi = {10.48550/ARXIV.1409.1556},
  
  url = {https://arxiv.org/abs/1409.1556},
  
  author = {Simonyan, Karen and Zisserman, Andrew},
  
  keywords = {Computer Vision and Pattern Recognition (cs.CV), FOS: Computer and information sciences, FOS: Computer and information sciences},
  
  title = {Very Deep Convolutional Networks for Large-Scale Image Recognition},
  
  publisher = {arXiv},
  
  year = {2014},
  
  copyright = {arXiv.org perpetual, non-exclusive license}
}

@article{effnet,
  doi = {10.48550/ARXIV.2104.00298},
  
  url = {https://arxiv.org/abs/2104.00298},
  
  author = {Tan, Mingxing and Le, Quoc V.},
  
  keywords = {Computer Vision and Pattern Recognition (cs.CV), FOS: Computer and information sciences, FOS: Computer and information sciences},
  
  title = {EfficientNetV2: Smaller Models and Faster Training},
  
  publisher = {arXiv},
  
  year = {2021},
  
  copyright = {arXiv.org perpetual, non-exclusive license}
}

@misc{ensemble,
  title = {Stacking Ensemble Machine Learning With Python},
  howpublished = {\url{https://machinelearningmastery.com/stacking-ensemble-machine-learning-with-python/}},
  note = {Accessed: 2022-11-28}
}

@misc{tta,
  title = {How to Use Test-Time Augmentation to Make Better Predictions},
  howpublished = {\url{https://machinelearningmastery.com/how-to-use-test-time-augmentation-to-improve-model-performance-for-image-classification/}},
  note = {Accessed: 2022-11-28}
}

@misc{convnext,
  doi = {10.48550/ARXIV.2201.03545},
  
  url = {https://arxiv.org/abs/2201.03545},
  
  author = {Liu, Zhuang and Mao, Hanzi and Wu, Chao-Yuan and Feichtenhofer, Christoph and Darrell, Trevor and Xie, Saining},
  
  keywords = {Computer Vision and Pattern Recognition (cs.CV), FOS: Computer and information sciences, FOS: Computer and information sciences},
  
  title = {A ConvNet for the 2020s},
  
  publisher = {arXiv},
  
  year = {2022},
  
  copyright = {Creative Commons Attribution 4.0 International}
}
